@online{devlin-2018,
	author = {given-i=J, given=Jacob, family=Devlin and given-i=M, given=Ming-Wei, family=Chang and given-i=K, given=Kenton, family=Lee and given-i=K, given=Kristina, family=Toutanova},
	date = {2018-10-11},
	title = {BERT: Pre-training of Deep Bidirectional Transformers for Language Understanding},
	url = {https://arxiv.org/abs/1810.04805},
}
@online{liu-2019,
	author = {given-i=Y, given=Yinhan, family=Liu and given-i=M, given=Myle, family=Ott and given-i=N, given=Naman, family=Goyal and given-i=J, given=Jingfei, family=Du and given-i=M, given=Mandar, family=Joshi and given-i=D, given=Danqi, family=Chen and given-i=O, given=Omer, family=Levy and given-i=M, given=Mike, family=Lewis and given-i=L, given=Luke, family=Zettlemoyer and given-i=V, given=Veselin, family=Stoyanov},
	date = {2019-07-26},
	title = {ROBERTA: A robustly optimized BERT pretraining approach},
	url = {https://arxiv.org/abs/1907.11692},
}
@online{liu-2021,
	author = {given-i=P, given=Pengfei, family=Liu and given-i=W, given=Weizhe, family=Yuan and given-i=J, given=Jinlan, family=Fu and given-i=Z, given=Zhengbao, family=Jiang and given-i=H, given=Hiroaki, family=Hayashi and given-i=G, given=Graham, family=Neubig},
	date = {2021-07-28},
	title = {Pre-train, Prompt, and Predict: A Systematic Survey of Prompting Methods in Natural Language Processing},
	url = {https://arxiv.org/abs/2107.13586},
}
@online{mohebbi-2021,
	author = {given-i=H, given=Hosein, family=Mohebbi and given-i=A, given=Ali, family=Modarressi and given-i=MT, given={Mohammad Taher}, family=Pilehvar},
	date = {2021-04-03},
	title = {Exploring the Role of BERT Token Representations to Explain Sentence Probing Results},
	url = {https://arxiv.org/abs/2104.01477},
}
@online{scikit-learn-doc-2025,
  author = {given=Fabian, family=Pedregosa and given=Gaël, family=Varoquaux and given=Alexandre, family=Gramfort and given=Vincent, family=Michel and given=Bertrand, family=Thirion},
  date   = {2025-01-01},
  title  = {scikit-learn: machine learning in Python — scikit-learn 1.7.2 documentation},
  url    = {https://scikit-learn.org/stable/},
}

@online{logisticregression-sklearn-2025,
  author = {given=Fabian, family=Pedregosa and given=Gaël, family=Varoquaux and given=Alexandre, family=Gramfort},
  date   = {2025-01-01},
  title  = {LogisticRegression — scikit-learn documentation},
  url    = {https://scikit-learn.org/stable/modules/generated/sklearn.linear_model.LogisticRegression.html},
}

@online{xgboost-sklearn-estimator-2025,
  author = {given=Tony, family=Chen and given=Tong, family=He},
  date   = {2025-01-01},
  title  = {Using the scikit-learn Estimator Interface — XGBoost documentation},
  url    = {https://xgboost.readthedocs.io/en/stable/python/sklearn_estimator.html},
}

@online{randomforestclassifier-sklearn-2025,
  author = {given=Fabian, family=Pedregosa and given=Gaël, family=Varoquaux},
  date   = {2025-01-01},
  title  = {RandomForestClassifier — scikit-learn documentation},
  url    = {https://scikit-learn.org/stable/modules/generated/sklearn.ensemble.RandomForestClassifier.html},
}

@online{svc-sklearn-2025,
  author = {given=Fabian, family=Pedregosa and given=Gaël, family=Varoquaux},
  date   = {2025-01-01},
  title  = {SVC — scikit-learn documentation},
  url    = {https://scikit-learn.org/stable/modules/generated/sklearn.svm.SVC.html},
}

@online{countvectorizer-sklearn-2025,
  author = {given=Fabian, family=Pedregosa and given=Gaël, family=Varoquaux},
  date   = {2025-01-01},
  title  = {CountVectorizer — scikit-learn documentation},
  url    = {https://scikit-learn.org/stable/modules/generated/sklearn.feature_extraction.text.CountVectorizer.html},
}

@online{tfidfvectorizer-sklearn-2025,
  author = {given=Fabian, family=Pedregosa and given=Gaël, family=Varoquaux},
  date   = {2025-01-01},
  title  = {TfidfVectorizer — scikit-learn documentation},
  url    = {https://scikit-learn.org/stable/modules/generated/sklearn.feature_extraction.text.TfidfVectorizer.html},
}

@online{sigmoid-wikipedia-contributors-2025,
	author = {{Wikipedia contributors}},
	date = {2025-10-02},
	title = {Sigmoid function},
	url = {https://en.wikipedia.org/wiki/Sigmoid_function},
}
@online{hugginface,
	title = {Hugging Face – The AI community building the future.},
	url = {https://huggingface.co/},
}

@online{Google-Gemini,
	title = {Gemini API in Vertex AI quickstart},
	url = {https://cloud.google.com/vertex-ai/generative-ai/docs/start/quickstart?usertype=adc},
}
@article{zeff-2025,
	author = {given-i=M, given=Maxwell, family=Zeff},
	date = {2025-04-04},
	title = {Gemini 2.5 Pro is Google&#8217;s most expensive AI model yet},
	url = {https://techcrunch.com/2025/04/04/gemini-2-5-pro-is-googles-most-expensive-ai-model-yet/},
}
@online{tiktoken-pypi,
	date = {2022-12-15},
	title = {tiktoken},
	url = {https://pypi.org/project/tiktoken/0.1.1/},
}

@misc{google-bert-base,
	title = {{google-bert/bert-base-uncased · Hugging Face}},
	url = {https://huggingface.co/google-bert/bert-base-uncased},
}
@misc{FacebookAI-roberta-base,
	title = {{FacebookAI/roberta-base · Hugging Face}},
	url = {https://huggingface.co/FacebookAI/roberta-base},
}
@misc{Microsoft-deberta-v3,
	title = {{microsoft/deberta-v3-base · Hugging Face}},
	url = {https://huggingface.co/microsoft/deberta-v3-base},
}
@misc{classla-xlm-roberta-base,
	title = {{classla/xlm-roberta-base-multilingual-text-genre-classifier · Hugging Face}},
	url = {https://huggingface.co/classla/xlm-roberta-base-multilingual-text-genre-classifier},
}
@misc{FacebookAI-roberta-large,
	title = {{FacebookAI/roberta-large-mnli · Hugging Face}},
	url = {https://huggingface.co/FacebookAI/roberta-large-mnli},
}